<record><leader>00000cas a2200000 a 4500</leader><controlfield tag="001">32965933</controlfield><controlfield tag="008">950811d19891995cauwr ne      0    0eng c</controlfield><datafield ind1=" " ind2=" " tag="010"><subfield code="a">sn 95061166 </subfield></datafield><datafield ind1=" " ind2=" " tag="040"><subfield code="a">CNK</subfield><subfield code="b">eng</subfield><subfield code="c">CNK</subfield><subfield code="d">CNK</subfield><subfield code="d">OCLCQ</subfield><subfield code="d">OCLCF</subfield><subfield code="d">OCLCO</subfield></datafield><datafield ind1="1" ind2=" " tag="029"><subfield code="a">AU@</subfield><subfield code="b">000011903747</subfield></datafield><datafield ind1=" " ind2=" " tag="042"><subfield code="a">pcc</subfield></datafield><datafield ind1=" " ind2=" " tag="043"><subfield code="a">n-us-ca</subfield></datafield><datafield ind1="0" ind2="0" tag="245"><subfield code="a">Laguna Beach news.</subfield></datafield><datafield ind1="1" ind2="3" tag="246"><subfield code="a">Laguna Beach news-post</subfield></datafield><datafield ind1="1" ind2="7" tag="246"><subfield code="a">Laguna news-post</subfield></datafield><datafield ind1=" " ind2=" " tag="260"><subfield code="a">Mission Viejo, CA :</subfield><subfield code="b">Golden West Pub. Co.</subfield></datafield><datafield ind1=" " ind2=" " tag="300"><subfield code="a">v.</subfield></datafield><datafield ind1=" " ind2=" " tag="310"><subfield code="a">Weekly</subfield></datafield><datafield ind1="0" ind2=" " tag="362"><subfield code="a">Vol. 74, no. 31 (June 8, 1989)-</subfield></datafield><datafield ind1="1" ind2=" " tag="362"><subfield code="a">Ceased in 1995.</subfield></datafield><datafield ind1=" " ind2=" " tag="500"><subfield code="a">Publication moved to Lake Forest, Jan. 19, 1994.</subfield></datafield><datafield ind1=" " ind2=" " tag="530"><subfield code="a">Master negatives are available for duplication from:</subfield><subfield code="b">California Newspaper Microfilm Archive;</subfield><subfield code="c">positive copies may be purchased by the reel; for further information consult the CNMA at:</subfield><subfield code="u">http://cbsr.ucr.edu</subfield></datafield><datafield ind1=" " ind2="0" tag="651"><subfield code="a">Laguna Beach (Calif.)</subfield><subfield code="v">Newspapers.</subfield></datafield><datafield ind1=" " ind2="7" tag="655"><subfield code="a">Newspapers.</subfield><subfield code="2">fast</subfield><subfield code="0">(OCoLC)fst01423814</subfield></datafield><datafield ind1=" " ind2="7" tag="651"><subfield code="a">California</subfield><subfield code="z">Laguna Beach.</subfield><subfield code="2">fast</subfield><subfield code="0">(OCoLC)fst01206172</subfield></datafield><datafield ind1=" " ind2=" " tag="752"><subfield code="a">United States</subfield><subfield code="b">California</subfield><subfield code="c">Orange</subfield><subfield code="d">Lake Forest.</subfield></datafield><datafield ind1=" " ind2=" " tag="752"><subfield code="a">United States</subfield><subfield code="b">California</subfield><subfield code="c">Orange</subfield><subfield code="d">Mission Viejo.</subfield></datafield><datafield ind1="0" ind2="0" tag="780"><subfield code="t">Laguna Beach news-post</subfield><subfield code="w">(DLC)sn2001060538</subfield></datafield><datafield ind1="0" ind2="0" tag="785"><subfield code="t">Laguna news-post (Lake Forrest, Calif.)</subfield><subfield code="w">(DLC)sn2001060539</subfield></datafield></record>